<?xml version="1.0" encoding="utf-8"?>
<record xmlns="http://www.loc.gov/MARC21/slim" xmlns:xsi="http://www.w3.org/2001/XMLSchema-instance" xsi:schemaLocation="http://www.loc.gov/MARC21/slim http://www.loc.gov/standards/marcxml/schema/MARC21slim.xsd">
	<leader>     nam a22     Mi 4500</leader>
	<controlfield tag="001">b12466256</controlfield>
	<controlfield tag="003">UaCaAUL</controlfield>
	<controlfield tag="006">m        d        </controlfield>
	<controlfield tag="007">cr cn |||m|||a</controlfield>
	<controlfield tag="008">200505s1927    ua      o     000 0 ara d</controlfield>
	<datafield ind1=" " ind2=" " tag="040">
		<subfield code="a">ZYU</subfield>
		<subfield code="b">ara</subfield>
		<subfield code="e">rda</subfield>
		<subfield code="c">ZYU</subfield>
	</datafield>
	<datafield ind1=" " ind2=" " tag="066">
		<subfield code="c">(3</subfield>
	</datafield>
	<datafield ind1=" " ind2="4" tag="050">
		<subfield code="a">PJ7601</subfield>
		<subfield code="b">.M9x 1927</subfield>
	</datafield>
	<datafield ind1="0" ind2="0" tag="245">
		<subfield code="6">880-01</subfield>
		<subfield code="a">Majmūʻ al-mutūn al-kabīr al-mushtamil ʻalá 63 matnan : min muhimmāt al-mutūn al-mustaʻmalah fī ahamm ghālib al-funūn jamaʻnāhu li-shiddat iḥtiyāj al-ṭālib ilayhi wa-ḍabaṭnāhu li-yusahhil ḥifẓahu ʻalayihi rājīna an yaʻum nafʻahu al-ikhwān wa-yaʻūd la-nā al-thawāb ʻalá madá al-azmān wa-mā-tawfīqunā illā billāh ʻalayhi tawakkalnā wa-ilayhi anabnā.</subfield>
	</datafield>
	<datafield ind1=" " ind2="1" tag="264">
		<subfield code="6">880-02</subfield>
		<subfield code="a">Miṣr :</subfield>
		<subfield code="b">yuṭlab min Maktabat wa-Maṭbaʻat Muḥammad ʻAlī Ṣubayḥ wa-Awlāduhu bi-Maydān al-Azhar bi-Miṣr,</subfield>
		<subfield code="c">1346 Hijrīyah [1927 or 1928]</subfield>
	</datafield>
	<datafield ind1=" " ind2=" " tag="300">
		<subfield code="a">online resource (636, 3 pages)</subfield>
	</datafield>
	<datafield ind1=" " ind2=" " tag="336">
		<subfield code="a">text</subfield>
		<subfield code="2">rdacontent</subfield>
	</datafield>
	<datafield ind1=" " ind2=" " tag="337">
		<subfield code="a">computer</subfield>
		<subfield code="2">rdamedia</subfield>
	</datafield>
	<datafield ind1=" " ind2=" " tag="338">
		<subfield code="a">online resource</subfield>
		<subfield code="2">rdacarrier</subfield>
	</datafield>
	<datafield ind1=" " ind2=" " tag="500">
		<subfield code="6">880-03</subfield>
		<subfield code="a">&quot;Tamma ṭabʻahu fī yawm al-Jumʻah al-muwāfiq lil-thalāthīn min Rajab al-fard min sanat 1347 Hijrīyah ʻalá ṣāḥibihā afḍal al-ṣalātu wa-atamma al-taḥīyah&quot;--Colophon.</subfield>
	</datafield>
	<datafield ind1=" " ind2=" " tag="500">
		<subfield code="6">880-04</subfield>
		<subfield code="a">Tanbīh: wa-li-ajl tamām al-nafʻ waḍaʻnā fī hādhā al-majmūʻ ziyādat baʻḍ mutūn wa-hiya ḍābiṭ maʻrifat Maṭāliʻ al-waqt wa-Maṭāliʻ al-shurūq wa-al-ghurūb wa-al-Muʻallaqāt al-sabʻ wa-Lāmīyat al-ʻArab lil-Shanfarī wa-Ighāthat al-malhūf fī makhārij al-ḥurūf.</subfield>
	</datafield>
	<datafield ind1=" " ind2=" " tag="500">
		<subfield code="a">Decorated title page.</subfield>
	</datafield>
	<datafield ind1=" " ind2=" " tag="500">
		<subfield code="a">Part of the Arabic Collections Online (ACO) project, contributed by American University in Cairo Library.</subfield>
	</datafield>
	<datafield ind1=" " ind2=" " tag="533">
		<subfield code="a">Electronic reproduction.</subfield>
		<subfield code="b">New York, N.Y. :</subfield>
		<subfield code="c">New York University,</subfield>
		<subfield code="d">2020.</subfield>
		<subfield code="5">NNU</subfield>
	</datafield>
	<datafield ind1=" " ind2="0" tag="650">
		<subfield code="a">Arabic literature.</subfield>
	</datafield>
	<datafield ind1=" " ind2="0" tag="650">
		<subfield code="a">Islamic literature, Arabic.</subfield>
	</datafield>
	<datafield ind1=" " ind2="7" tag="650">
		<subfield code="a">Arabic literature.</subfield>
		<subfield code="2">fast</subfield>
		<subfield code="0">(OCoLC)fst00812478</subfield>
	</datafield>
	<datafield ind1=" " ind2="7" tag="650">
		<subfield code="a">Islamic literature, Arabic.</subfield>
		<subfield code="2">fast</subfield>
		<subfield code="0">(OCoLC)fst00979977</subfield>
	</datafield>
	<datafield ind1=" " ind2="7" tag="655">
		<subfield code="a">Collections.</subfield>
		<subfield code="2">fast</subfield>
		<subfield code="0">(OCoLC)fst01424032</subfield>
	</datafield>
	<datafield ind1="2" ind2=" " tag="710">
		<subfield code="a">American University in Cairo.</subfield>
		<subfield code="b">Library.</subfield>
	</datafield>
	<datafield ind1="0" ind2=" " tag="730">
		<subfield code="a">Arabic Collections Online.</subfield>
	</datafield>
	<datafield ind1="0" ind2="8" tag="776">
		<subfield code="i">Print version:</subfield>
		<subfield code="t">Majmūʻ al-mutūn al-kabīr al-mushtamil ʻalá 63 matnan : min muhimmāt al-mutūn al-mustaʻmalah fī ahamm ghālib al-funūn jamaʻnāhu li-shiddat iḥtiyāj al-ṭālib ilayhi wa-ḍabaṭnāhu li-yusahhil ḥifẓahu ʻalayihi rājīna an yaʻum nafʻahu al-ikhwān wa-yaʻūd la-nā al-thawāb ʻalá madá al-azmān wa-mā-tawfīqunā illā billāh ʻalayhi tawakkalnā wa-ilayhi anabnā</subfield>
		<subfield code="w">(UaCaAUL)b12466256</subfield>
		<subfield code="w">(OCoLC)60506409</subfield>
	</datafield>
	<datafield ind1="4" ind2="0" tag="856">
		<subfield code="u">http://hdl.handle.net/2333.1/c59zwdh3</subfield>
	</datafield>
	<datafield ind1="0" ind2="0" tag="880">
		<subfield code="6">245-01</subfield>
		<subfield code="a">مجموع المتون الكبير المشتمل على 63 متنا : من مهمات المتون المستعملة في أهم غالب الفنون جمعناه لشدة احتياج الطال اليه وضبطناه ليسهل حفظه عليه راجين أن يعم نفعه الاخوان ويعود لنا الثواب على مدى الازمان وماتوفيقنا الا بالله عليه توكلنا واليه أنبنا.</subfield>
	</datafield>
	<datafield ind1=" " ind2="1" tag="880">
		<subfield code="6">264-02</subfield>
		<subfield code="a">مصر :</subfield>
		<subfield code="b">يطلب من مكتبة ومطبعة محمد علي صبيح وولاده بميدان الأزهر بمصر،</subfield>
		<subfield code="c">1346 هجرية [1927 أو 1928]</subfield>
	</datafield>
	<datafield ind1=" " ind2=" " tag="880">
		<subfield code="6">500-03</subfield>
		<subfield code="a">&quot;تم طبعه في يوم الجمعة الموافق للثلاثين من رجب الفرد من سنة 1347 هجرية على صاحبها افضل الصلاةه وأتم التحية&quot;Colophon.</subfield>
	</datafield>
	<datafield ind1=" " ind2=" " tag="880">
		<subfield code="6">500-04</subfield>
		<subfield code="a">تنبيه: ولاجل تمام النفع وضعنا في هذه المجموع زيادة بعض متون وهي ضابط معرفة مطالع الوقت ومطالع الشروق والغروب والمعلقات السبع ولامية العرب للشنفري واغاثة الملهوف في مخارج الحروف.</subfield>
	</datafield>
	<datafield ind1=" " ind2=" " tag="959">
		<subfield code="a">NNU</subfield>
		<subfield code="b">WEB</subfield>
		<subfield code="c">GENI</subfield>
		<subfield code="t">0</subfield>
		<subfield code="m">Electronic access</subfield>
		<subfield code="s">01</subfield>
	</datafield>
	<datafield ind1=" " ind2=" " tag="999">
		<subfield code="i">UaCaAUL_b12466256</subfield>
		<subfield code="o">(OCoLC)ocm60506409</subfield>
		<subfield code="s">auc_aco001096:</subfield>
	</datafield>
</record>
